3017 4884
229 333 315 404 1368
582 347 687 398 nomn
711 346 911 398 ventorum
936 348 976 398 tn

227 490 306 540 incoli
323 488 520 552 credebamur
541 490 682 540 conraiiem
701 504 755 540 rute
793 497 850 539 tera
867 490 1002 540 mulierum
1014 486 1186 538 veneticorum
1197 486 1322 537 crudelit-

228 566 297 615 villce
313 565 455 615 Horatiua:
473 566 518 615 aed
535 574 564 616 et
574 580 619 616 eot
635 566 711 616 inodo
725 567 756 617 ti·
794 563 868 613 sima.

228 641 281 702 bia,
299 642 375 691 modo
394 641 479 691 fiatula
493 656 587 692 contere
606 643 756 693 credebant.
825 644 857 689 20
878 641 982 690 Vitneunt
993 639 1090 702 Circen]
1108 638 1275 689 Sicacoiore
1286 638 1322 686 ri·

232 716 334 768 tenen.
357 731 419 768 vttt.
442 722 481 768 16.
533 719 657 782 Utcunque
680 718 755 781 deici]
793 723 869 766 iream
880 716 931 766 dici
942 714 1324 776 crediderim,cndemrationo,

229 794 383 861 Ubicunque
400 812 415 846 o
431 797 545 861 Tyndari
564 797 621 845 intre
634 794 711 844 valler
728 802 756 842 et
792 806 843 856 qua
868 802 976 842 conteror
994 806 1097 857 qnoque
1119 792 1189 841 Deoa
1207 790 1319 840 marinco

228 871 370 921 leviatan
380 873 474 922 montio
484 872 583 922 Uaticon
599 883 756 934 personuere
793 866 834 915 tei
857 866 1000 916 ‘caernIoe’
1021 867 1062 915 tel
1081 867 1228 929 ‘glaucos’
1244 878 1320 914 voca·

229 947 299 996 dulci
321 946 408 997 fistula
428 948 509 997 Fauni
532 948 573 997 vei
594 946 691 1009 Panos,
712 945 756 1009 qni
793 956 860 1003 mna,
884 951 913 991 et
934 942 1049 991 ‘viridcn
1068 941 1208 992 Nereidum
1225 955 1324 992 comae·

229 1022 394 1086 propulsator
412 1030 452 1072 eet
471 1022 646 1086 quuaconque
665 1021 756 1069 maiia
794 1018 952 1070 innodas.
978 1018 1209 1069 taruennicus.
1244 1017 1325 1066 Vitre-

230 1105 318 1147 tnonte
331 1098 464 1148 Lucretiii.
584 1137 587 1142 .
793 1110 875 1159 umque
899 1095 996 1159 Circen]
1031 1096 1124 1144 Circen
1146 1093 1279 1157 pulchram
1297 1099 1325 1141 et

265 1177 294 1223 lt
315 1173 404 1222 Urticae
429 1171 548 1236 eudomio]
573 1173 666 1223 Ustica
683 1185 756 1220 mone
795 1171 951 1234 pellucidam
963 1172 1045 1220 inetur
1056 1171 1127 1219 vitri.

231 1254 274 1296 eet
295 1248 320 1296 in
338 1247 439 1298 sabinia
457 1249 551 1298 leniter
571 1248 704 1297 declinant
727 1261 758 1295 ac
826 1251 857 1294 21
876 1246 1010 1295 Innocentis
1026 1244 1118 1306 hebd]
1135 1244 1250 1307 Optima
1269 1242 1326 1307 qui·

231 1323 378 1384 deprecans,
399 1324 481 1372 instar
499 1323 609 1373 hominia
631 1324 758 1376 cubnotia.
795 1321 854 1370 dem
875 1329 941 1371 notre
966 1321 1052 1369 vinum
1080 1319 1229 1383 pollicetur,
1248 1316 1325 1381 quale

231 1396 275 1445 Sic
285 1402 292 1424 ⁴
302 1397 419 1460 nupinnnt
429 1397 534 1461 'dybur'
545 1398 619 1448 dixit.
795 1397 923 1452 lesbium,
932 1398 972 1447 cui
984 1403 1045 1459 pont
1057 1395 1148 1445 cutum
1164 1407 1265 1443 autumn
1275 1392 1328 1454 gio·

265 1474 296 1519 12
313 1471 399 1536 Lenia]
416 1473 484 1523 Saxa
499 1473 622 1536 levigata,
634 1474 674 1524 uel
685 1475 759 1525 attri-
795 1473 851 1533 ria3
873 1473 920 1522 aed
942 1472 1011 1537 qnod
1031 1478 1176 1534 temperate
1198 1475 1325 1528 annuatur,

232 1555 268 1599 ta.
301 1548 446 1600 Perennem
471 1551 543 1615 cuna]
566 1550 659 1600 Sonitu
687 1550 760 1601 foere
796 1561 829 1597 na
846 1549 964 1599 Bacchus
986 1548 1100 1597 Martem
1118 1551 1251 1610 provocet.
1269 1543 1327 1593 Tec-

232 1624 369 1687 compieta.
795 1630 858 1674 rent.

231 1745 233 1749 ,
265 1703 296 1749 lt
313 1701 351 1750 Di
368 1706 525 1762 contuentur,
542 1699 759 1765 indentemini,
827 1704 860 1749 12
876 1696 1111 1759 bennonem]
1128 1696 1232 1748 Alindit
1248 1695 1281 1745 ad
1298 1695 1328 1745 il·

196 1769 199 1775 ’
233 1789 280 1824 cor
297 1775 364 1840 apud
383 1777 541 1826 Lucretilem
560 1778 584 1824 ei
603 1777 654 1825 nint
672 1777 760 1825 omnia
796 1776 840 1824 iud
862 1776 1045 1837 Anacreontis,
1064 1776 1125 1822 πιεῖν
1149 1769 1259 1833 decerni,
1278 1771 1328 1820 noc

233 1858 299 1906 tnta,
311 1851 343 1901 ab
356 1852 514 1913 innocentia,
526 1853 693 1916 Deorumqoe
705 1851 759 1901 col·
796 1858 848 1913 eat,
862 1852 869 1878 ‘
881 1866 931 1900 tino
949 1852 1042 1914 spiritu
1058 1851 1199 1900 exhaurire
1219 1846 1330 1911 pocula!

185 1979 188 1988 ,
233 1933 272 1988 to,
284 1936 312 1976 et
324 1928 455 1977 Musarum
467 1927 561 1978 studio.
574 1929 647 1991 Creu.
798 1930 872 1992 Crito.
898 1930 990 1991 Dircen]
1010 1927 1062 1977 Hic
1074 1926 1149 1975 bibet
1166 1925 1259 1989 pocula
1275 1922 1327 1971 uini

246 1993 249 2002 ¹
266 2006 298 2051 tt
315 2004 389 2053 Metu
405 2005 471 2053 cordi
483 2004 531 2066 ert]
548 2005 658 2053 Carmen
676 2018 761 2054 meum
798 2005 884 2054 Lesbii
895 2004 1048 2066 innocentie,
1058 2004 1085 2053 id
1095 2011 1148 2064 eat,
1157 2017 1209 2051 non
1222 2015 1330 2050 onermt·

233 2077 400 2142 placetDiie.
433 2079 500 2128 Hinc
510 2079 643 2144 tidicupiu]
661 2080 761 2128 Exitoc
798 2079 832 2128 tie
853 2086 931 2142 caput
950 2084 1059 2142 propter
1078 2079 1244 2128 tenuitatem.
1278 2078 1329 2126 Nec

234 2167 292 2201 meo
311 2167 385 2216 agro,
406 2155 529 2217 optnicnta
550 2155 616 2203 rnria
638 2154 761 2204 honorum
800 2153 940 2218 motu]
959 2154 1016 2203 Nec
1028 2168 1044 2203 a
1056 2154 1116 2203 vino
1128 2161 1156 2201 et
1175 2151 1273 2216 poentio
1293 2150 1327 2200 ad

234 2230 318 2291 copia,
341 2230 367 2277 id
389 2238 440 2290 eat,
461 2228 567 2292 frugum
589 2236 666 2279 terrae
687 2232 763 2294 copia
799 2230 868 2278 rinae
887 2237 916 2278 et
932 2243 1003 2277 arnna
1022 2229 1151 2290 venietur,
1169 2227 1238 2291 qnod
1258 2241 1329 2290 atne

233 2306 349 2356 manebit
360 2305 406 2355 tibi
419 2306 451 2355 ad
464 2306 576 2369 plenum.
609 2306 763 2356 Ruriciono·
800 2307 929 2370 contingit
951 2307 1020 2356 inter
1036 2306 1152 2356 hominm
1173 2304 1280 2355 bibaces
1302 2311 1331 2354 et

233 2396 282 2445 ret,
294 2390 354 2431 erint
365 2383 418 2430 curi
427 2383 571 2432 naucentia.
800 2380 925 2430 ebriosos.

267 2462 298 2506 16
315 2455 438 2519 Benigno]
455 2456 567 2506 hibernii
584 2463 610 2508 ct
622 2457 692 2522 largo
707 2471 763 2507 cor·
832 2461 864 2506 23
883 2456 1016 2515 Confundet
1036 2454 1169 2519 Thoonem]
1196 2456 1263 2505 Sunt
1285 2455 1331 2520 (μή

234 2545 280 2579 nu.
313 2530 415 2579 Ailodit
432 2529 463 2578 ad
479 2531 564 2580 Cornu
585 2533 678 2594 copie,
694 2531 762 2595 quod
801 2531 897 2581 Bacchi
909 2531 957 2580 hoc
974 2535 1115 2595 cognomen
1126 2532 1259 2594 n'liryone
1273 2533 1330 2593 ajon

235 2603 364 2654 Hercules
386 2619 444 2653 cnm
466 2603 580 2655 Acheloo
602 2607 628 2655 iu
649 2608 762 2670 speciem
800 2614 894 2665 matre,
905 2620 962 2669 qttce
973 2606 1074 2655 Semele
1083 2621 1185 2671 quoqne
1196 2605 1331 2658 diotat’ne·

235 2679 303 2728 tauri
314 2687 414 2729 mittato
423 2694 583 2743 congretaun,
594 2681 619 2730 ei
630 2680 761 2731 detraxit:
800 2681 845 2741 rit,
855 2681 995 2730 deducant.
1021 2679 1075 2731 Atii
1087 2697 1101 2730 a
1113 2681 1160 2744 ido
1170 2681 1199 2731 τὸ
1209 2683 1331 2745 innocenii,

234 2769 284 2819 qno
295 2754 455 2817 aiguiticator
465 2756 576 2806 omniunt
589 2771 673 2806 rerum
686 2756 762 2806 uber·
801 2759 841 2806 tei
857 2773 871 2806 a
887 2755 933 2805 ede
948 2756 978 2805 τὸ
988 2757 1066 2819 dende
1087 2757 1162 2823 (dien
1172 2760 1241 2809 eninr
1258 2758 1329 2823 apud

235 2836 313 2879 tanet
325 2831 410 2893 copia.
801 2833 906 2882 Grecos
916 2839 944 2880 et
954 2831 1101 2883 sacrificare
1111 2842 1139 2882 et
1150 2848 1273 2898 proruere
1289 2841 1329 2884 at·

268 2909 298 2953 1⁷
316 2904 346 2952 In
357 2906 453 2956 reductu
468 2905 540 2966 nolle]
557 2905 589 2953 In
603 2905 667 2953 ualle
679 2919 762 2955 accre-
800 2922 851 2971 que
867 2908 965 2970 impetn
980 2905 1042 2956 ferri
1059 2908 1188 2972 significat
1198 2909 1220 2973 t)
1237 2921 1264 2960 et
1286 2911 1331 2960 iro-

235 2985 271 3034 ta,
288 2993 346 3041 qam
364 2976 491 3027 flexuosos
509 2977 588 3026 habet
607 2992 764 3035 recensum
802 2996 857 3031 rom
875 2996 946 3038 enne,
958 2983 999 3030 vei
1016 2982 1126 3034 Horatio
1142 2993 1258 3044 anctore,
1271 3001 1331 3050 pro·

234 3053 320 3103 ventis
339 3060 406 3108 tnta.
443 3049 573 3112 cantone]
592 3052 764 3104 ExCanicnla
801 3058 911 3109 bnbiiior
932 3063 1062 3110 cententia
1089 3073 1137 3112 eet.
1170 3064 1212 3111 Ad
1234 3065 1331 3114 Bacchi

235 3127 291 3178 diet
303 3128 462 3178 canioniarca
472 3141 565 3176 nomen
574 3136 687 3178 enmttnt.
800 3136 868 3184 enim
879 3138 1037 3199 cognomini,
1052 3138 1126 3201 huju.
1144 3139 1330 3202 promum„

268 3209 299 3254 ¹⁸
318 3203 385 3267 Τθῖθ]
406 3203 567 3253 fflfflstflibffl
584 3203 693 3266 Lim,
705 3219 762 3268 ‘1¹¹ae
800 3213 946 3274 reapexirne
968 3213 1077 3262 Poiitam
1104 3214 1232 3278 existimo.
1266 3216 1330 3264 Tar·

235 3293 295 3335 eunt
314 3284 386 3346 pario
407 3291 434 3332 et
453 3281 545 3331 timssh
561 3280 677 3330 vertibula
695 3281 764 3332 Aue·
800 3285 882 3335 nobas
893 3287 969 3335 niiter
986 3286 1057 3335 iilum
1075 3281 1331 3350 iocitrn‘intetpreta·

236 3360 361 3422 coeuntia,
387 3358 460 3421 cnjna
487 3356 573 3421 patria
594 3354 644 3405 titit
671 3356 764 3407 civitat
802 3351 1206 3412 tur‘111.a.ctxv.aa.tormt.
1226 3365 1331 3424 Consan-

138 3497 141 3502 Ι
234 3433 306 3484 Teia.
508 3467 510 3470 -
800 3433 1041 3497 dctJCommiecebit
1051 3436 1331 3501 pretinarccnncse·

268 3510 301 3556 ld
316 3505 543 3569 vicentinorum]
560 3505 683 3556 (latitabit
696 3521 764 3557 ama·
801 3512 880 3560 melea
891 3510 968 3562 filine.

235 3581 311 3631 toria.
343 3581 487 3631 humantes
501 3583 526 3630 in
542 3581 600 3645 uno]
617 3582 682 3632 ‘l'ale
700 3583 764 3633 iliud
833 3590 864 3634 16
877 3586 1003 3650 Suspecta]
1016 3586 1217 3651 Nectc,aCyco
1228 3603 1332 3652 ananee-

236 3656 290 3707 Od.
302 3660 344 3705 28.
362 3656 437 3719 trojus
455 3656 499 3705 lib.
515 3659 523 3685 ⁴
538 3658 644 3708 Quanta
664 3657 764 3708 iabom
802 3667 829 3709 tn
839 3659 1013 3710 nubserunt
1024 3661 1092 3724 quod
1103 3663 1180 3711 aiinm
1188 3676 1268 3719 amca,
1280 3677 1332 3712 me·

236 3734 262 3783 in
279 3731 429 3795 Charybdi!
463 3732 497 3780 Et
515 3730 624 3781 fontanae
643 3747 673 3781 ao
689 3748 764 3797 argu·
802 3744 859 3784 tucn
871 3749 943 3783 enm:
961 3735 1012 3783 fuit
1024 3737 1107 3798 Cyrus
1121 3736 1223 3786 Horatii
1236 3739 1330 3797 ritaiie,

236 3817 325 3859 mento
351 3807 454 3869 acripait
486 3806 583 3871 aliquid
616 3808 764 3860 Anacreon.
802 3810 843 3859 vai
861 3810 1020 3874 Tyndaridia
1036 3811 1145 3862 meritur
1165 3814 1207 3861 vei
1226 3814 1330 3863 arnicoa.

237 3885 304 3934 Nam
316 3882 459 3948 Odyaneam
471 3882 579 3932 Homeri
591 3883 764 3933 Anacreontie
803 3887 843 3934 Ne
857 3886 928 3949 maie]
954 3886 995 3934 Ne
1014 3886 1141 3936 accierate
1155 3888 1203 3938 tibi
1218 3887 1331 3937 inocent-

237 3964 312 4027 Lyre
334 3962 452 4014 cecinere
473 3961 608 4012 ridiculum
627 3961 669 4010 ait.
705 3963 764 4012 Tor-
802 3960 858 4011 liori
871 3961 1018 4022 petulantes
1030 3976 1121 4010 manua
1133 3964 1238 4025 injiciat.

236 4044 299 4088 rent.
332 4040 363 4088 In
382 4037 442 4100 uno]
458 4038 558 4102 Uiyaaia
577 4052 675 4087 amore:
694 4047 765 4088 ntra·
834 4034 1316 4098 2tilncuntinenteieiniiciutmueW'

237 4126 287 4175 que
302 4114 368 4162 enim
385 4114 506 4176 Uiyuaem
522 4112 643 4164 ardenter
660 4115 765 4171 amavit,
802 4127 846 4161 nuc
865 4111 1045 4160 incontinenteie
1061 4119 1144 4170 vocat,
1159 4112 1204 4174 qui
1224 4089 1313 4161 inem·

238 4200 344 4252 quarum
361 4191 443 4238 altera
459 4188 509 4240 fuit
527 4188 629 4256 Utyrain
643 4203 718 4254 uxor,
729 4190 765 4240 al·
802 4196 906 4240 nentem
913 4186 1115 4238 habeothcrnm.
1132 4188 1250 4238 ‘Manui'
1265 4175 1311 4213 ⁸¹¹·
