3017 4884
222 368 310 437 1366
569 381 678 432 uocat
701 377 904 431 vaetouusr
930 379 968 428 ur

221 528 323 578 leudem
335 525 478 591 aguuresil,
494 523 635 576 uldiestur
646 524 752 590 pulchra
786 530 849 574 reat.
878 517 1318 588 ImslaPy'ldiss1'Apullu,'quila

221 602 371 666 pulchrior?
787 599 879 649 dandis
899 599 1010 649 oraculis
1034 600 1145 647 manteau
1174 593 1320 643 sucerdotis

254 681 271 726 2
290 677 366 732 Quam
394 675 536 740 adulam]
558 676 752 742 Quemcumque
788 673 885 730 incolit,
897 673 922 723 ld
934 679 986 734 sat,
998 672 1092 737 quatit,
1103 670 1289 733 suasegenis.
1305 687 1309 696 ·

223 754 295 803 veles
317 751 430 815 modum,
451 753 477 801 id
497 760 547 811 est,
566 766 751 817 quamcumque
820 750 946 812 lAEqse:
961 747 1020 811 ess]
1044 746 1200 807 Nuuaeque,
1217 742 1319 792 sedes·

222 828 294 878 voles
323 827 458 891 rationem,
485 836 513 878 tu
535 827 689 891 prescribes
718 827 750 877 ad
787 822 1089 873 hemeutiusiraauimea
1103 819 1235 868 homiuum
1248 833 1318 868 cum·

222 904 357 954 mordaces
386 903 491 953 Iambus
508 917 578 954 meua
600 902 751 964 sbulendss,
789 904 976 963 movetquam
988 894 1322 960 Cybelespottqautn·

220 978 465 1043 quusiutescrlpsl.
788 973 834 1023 ber
845 975 963 1025 concutit
974 979 1085 1023 mentem
1096 971 1268 1023 secerdotum.
1283 970 1321 1021 A·

255 1057 270 1103 Ι
289 1053 378 1103 laniis
395 1052 539 1115 miminerit]
562 1052 686 1110 iambica,
706 1068 752 1103 seu
788 1048 856 1111 esta]
871 1050 1006 1115 Tympana
1016 1057 1092 1099 acute
1105 1048 1233 1098 suuautis.

223 1129 344 1178 csrmlais
365 1141 446 1190 genus
463 1127 571 1176 mordax
593 1127 619 1177 in
641 1130 751 1193 puellum
832 1126 1011 1191 evenientes
1030 1124 1091 1187 aru]
1119 1125 1146 1172 Si
1170 1123 1228 1186 quis
1250 1121 1319 1172 forts

222 1203 288 1252 hauc
297 1204 454 1265 seripserst:
466 1200 492 1250 id
500 1202 557 1265 ejus
566 1216 634 1252 uuue
644 1203 753 1252 arbitrie
789 1200 952 1251 sacerdotum
972 1206 1072 1250 ruentes
1084 1214 1100 1247 a
1111 1197 1258 1247 numinibus
1268 1198 1320 1260 egl·

222 1279 320 1329 aboleri
333 1277 442 1340 expetit.
468 1276 753 1344 Hlucetiamlspflll'su
789 1279 840 1329 tari
866 1286 954 1342 elegat,
977 1276 1000 1325 is
1019 1290 1072 1326 aera
1093 1290 1109 1324 s
1130 1272 1320 1336 Corybantibus

222 1355 292 1418 apud
303 1353 418 1408 Graecus,
435 1366 481 1415 pru
493 1353 611 1403 strurders
627 1362 655 1404 st
670 1353 752 1404 insec·
789 1355 863 1419 pulsa
871 1353 1036 1404 consideret:
1053 1351 1167 1412 sciatque
1177 1362 1228 1398 uun
1239 1346 1320 1397 leuius

224 1429 291 1478 tarl:
309 1428 403 1493 quique
418 1442 450 1477 eu
460 1428 590 1478 scribendi
601 1443 697 1492 genere
708 1429 752 1480 de·
789 1432 885 1479 suimus
902 1436 1004 1478 uestros
1020 1427 1070 1482 irs,
1082 1439 1158 1488 quam
1171 1424 1216 1472 ille
1226 1422 1319 1472 erebra

223 1501 568 1565 lactantur,lsplilrrardlctl.
583 1504 752 1571 Siseflussuur]
789 1505 907 1569 repetitis
927 1504 1021 1553 latibus
1041 1500 1148 1565 impelli,
1164 1513 1214 1549 uec
1236 1500 1320 1546 miuus

222 1579 347 1630 Sciebant
365 1580 433 1629 enim
451 1588 552 1629 ueteres
568 1581 689 1646 quicquid
707 1582 751 1631 de·
789 1580 935 1646 perturbari
947 1594 1025 1645 quatu
1037 1579 1073 1627 lili
1084 1578 1177 1637 solent,
1187 1589 1251 1639 quus
1260 1573 1321 1622 sasi-

223 1652 397 1709 testabantur,
413 1654 454 1703 rel
465 1653 491 1702 iu
504 1651 672 1716 profluentem
686 1656 752 1719 sbji·
789 1657 853 1706 duus
865 1657 924 1705 aris
935 1655 1034 1705 sonitus
1049 1653 1088 1702 its
1098 1648 1207 1700 sliectus
1224 1648 1320 1709 reddit,

223 1744 301 1780 cere:
319 1730 395 1778 etsie
407 1729 434 1777 lu
451 1728 536 1791 iguem
551 1729 627 1793 liguis
643 1729 752 1780 infelici·
789 1740 828 1795 ut,
838 1731 917 1781 etism
928 1744 986 1779 euru
996 1728 1093 1777 nullum
1105 1725 1222 1779 audiunt,
1231 1723 1320 1773 audire

223 1805 281 1864 bus,
314 1804 363 1854 hue
391 1811 442 1864 est,
465 1802 499 1853 de
526 1802 625 1854 iuleliri
658 1805 751 1856 arbore
790 1812 875 1855 tamen
883 1804 1062 1867 imaginentur.
1076 1799 1146 1850 Hine
1155 1799 1323 1862 κορνβιηιᾷν,

222 1878 376 1943 sumptis,ea
387 1892 505 1929 exurere.
525 1878 633 1931 Tsrrest.
651 1882 751 1931 ΊΙιηιιΙΙ.
791 1896 839 1944 pru
848 1880 1025 1943 Corybantum
1036 1889 1106 1925 mors
1125 1873 1194 1924 affici
1209 1875 1320 1924 stian-

223 1967 307 2003 xvsrr.
318 1958 345 2004 4.
376 1954 433 2005 Siue
439 1956 549 2020 tim]
570 1957 631 2006 Siue
649 1957 752 2009 lambos
790 1957 857 2017 aire,
867 1969 912 2004 scu
931 1956 1031 2014 uvares
1041 1953 1162 2011 κινιῑσοιι,
1172 1957 1202 1998 ut
1213 1948 1322 2012 espault

223 2041 333 2078 exurere
345 2029 488 2084 teleusin
498 2030 524 2079 lu
535 2045 604 2081 mus
614 2032 736 2098 dejicere.
789 2030 883 2080 Strabo
902 2029 948 2078 lib.
970 2041 999 2078 ι.
1028 2028 1137 2077 lineat.
1176 2023 1323 2090 corydalus

254 2103 399 2166 astruas]
417 2105 753 2173 Marauurianumpanirur
789 2105 851 2169 cru]
880 2103 1036 2154 Sacerdotes
1048 2101 1165 2165 cybelir.
1180 2113 1239 2164 quas
1255 2106 1320 2163 tym-

224 2179 697 2243 proquovismari.·itraeb.xxr.ts.
790 2194 915 2245 psaurum
942 2180 1019 2243 pulsu
1038 2185 1067 2228 st
1096 2190 1219 2227 cernuum
1239 2181 1320 2225 cauta

255 2261 270 2304 6
289 2255 448 2319 Dindymene]
463 2255 641 2306 Pulcherrima
649 2272 752 2321 comps·
789 2258 864 2309 Juvis
876 2256 989 2320 uagitum
1000 2254 1122 2304 celabant
1131 2252 1281 2302 Saturnum.

224 2331 323 2380 ratione
335 2331 385 2380 sim
396 2329 441 2380 iras
452 2330 623 2393 demonstret,
634 2346 690 2383 cum
703 2333 753 2383 irs·
820 2331 971 2394 llNericae]
1001 2329 1124 2383 Noricus,
1155 2341 1204 2391 pru
1230 2326 1321 2390 queris

224 2415 279 2457 tum
290 2405 406 2457 fanatice
416 2415 566 2471 comparat:
585 2422 659 2472 sequa
668 2408 752 2472 gravi·
789 2422 863 2458 ease.
902 2406 935 2457 lu
957 2404 1054 2455 Nealce
1074 2403 1164 2467 (quem
1187 2402 1319 2465 regionem

224 2493 265 2534 ter
275 2484 343 2534 euim
355 2491 383 2533 et
393 2491 479 2534 mente
491 2491 518 2534 et
528 2498 637 2548 corpure
652 2486 753 2550 agilan·
789 2485 909 2548 plerique
927 2495 994 2531 auuc
1014 2479 1148 2543 appellant
1168 2477 1320 2542 stsrism)

223 2566 276 2610 tur.
299 2558 413 2607 Faustiei
425 2565 510 2608 sutem
522 2559 623 2608 uomlue
638 2567 666 2609 et
677 2562 752 2625 Lyrn-
788 2558 880 2622 optimi
891 2557 957 2607 flunt
969 2555 1047 2620 gladii
1059 2568 1091 2603 ex
1108 2553 1178 2604 ferra
1195 2554 1322 2618 probatis·

223 2632 338 2694 pluuium,
349 2637 376 2679 et
387 2631 510 2687 cecilium
526 2637 553 2681 et
565 2633 714 2696 Lauretum,
725 2641 753 2683 et
789 2635 862 2684 simu.
902 2633 988 2683 Heme
1010 2631 1092 2679 lrstus
1119 2643 1203 2694 aeque
1234 2643 1320 2689 euses,

223 2722 379 2774 quoeunque
390 2708 442 2757 sliu
458 2707 534 2758 simili
549 2707 634 2758 lurore
645 2723 751 2774 correp·
789 2723 874 2774 ueque
886 2706 993 2774 quodvis
1012 2704 1082 2755 allud
1100 2704 1241 2768 perieulum
1252 2705 1320 2754 exti-

224 2792 278 2833 tum
299 2783 415 2847 accipie:
433 2783 507 2848 cujus
527 2784 619 2846 suurbi,
635 2785 751 2849 quisub·
788 2785 889 2836 suescit.

223 2872 301 2908 seura
319 2859 384 2908 rstlu
405 2867 454 2915 est,
472 2865 573 2908 veteres
592 2873 695 2910 causam
717 2861 750 2910 sd
820 2864 853 2910 12
870 2859 1072 2923 namra-ure]
1088 2853 1318 2906 Desccadeuseum

224 2935 297 2982 Deus
309 2933 463 2988 retulerunt,
473 2933 545 2996 quesl
557 2934 661 2983 numine
670 2934 751 2985 afflati
787 2935 893 2986 lulmiue
905 2918 1049 2984 tremendu.
1071 2934 1123 2982 Pru
1134 2930 1200 2982 Jurs
1212 2936 1320 2979 teusute

223 3014 322 3063 essem,
345 3005 388 3071 qui
409 3007 470 3055 talis
490 3014 660 3069 paterentur:
681 3010 750 3059 uude
788 3010 905 3074 punitur.

224 3088 253 3131 et
269 3078 569 3145 {remismundum
586 3084 751 3136 vocabantur.
820 3090 851 3135 ts
878 3084 1034 3134 Premetliess
1054 3081 1153 3145 addere]
1184 3080 1272 3143 Jspeti
1291 3089 1320 3131 et

227 3158 335 3208 linesi.
373 3156 535 3222 Dludyrseee]
568 3160 627 3209 Des
652 3161 751 3225 cybele
788 3160 919 3223 Clymenes
941 3158 1018 3220 filius,
1041 3163 1149 3221 propter
1164 3156 1319 3219 singularem

225 3232 390 3297 Dindymene
402 3232 472 3282 dicta
487 3232 654 3298 sDiudymis
669 3236 751 3300 Phry·
787 3234 885 3297 iusseuii
906 3233 1100 3298 excellentiam,
1121 3232 1248 3282 homiuem
1267 3231 1319 3294 pri·

225 3309 274 3371 gisa
291 3315 387 3370 munte,
400 3307 425 3357 in
436 3321 486 3373 quo
496 3322 570 3358 sarrs
580 3308 630 3359 ribi
642 3323 689 3372 psr
700 3311 751 3360 Cu·
788 3323 856 3360 mum
877 3323 912 3359 ex
934 3310 995 3359 limo
1017 3308 1123 3357 linxisse
1147 3306 1320 3362 existimatur.

223 3381 347 3447 rybautss
365 3383 486 3433 instituit.
503 3383 559 3432 Nes
573 3385 652 3449 adytis
662 3386 752 3450 malit]
788 3385 900 3435 ssimum
923 3398 984 3434 veru
1001 3396 1034 3432 cx
1054 3382 1189 3446 particulis
1210 3381 1318 3431 ellurum

223 3458 284 3508 Nou
295 3472 329 3507 ex
340 3458 440 3521 selytlar
457 3459 520 3509 lucie
533 3461 621 3524 templi
633 3463 752 3512 saeuiret
788 3459 934 3510 animalium
945 3458 1060 3522 undique
1072 3458 1189 3521 dirJertia
1203 3457 1242 3507 illi
1253 3457 1318 3506 ludi·

222 3532 340 3593 secretis,
360 3532 392 3581 sd
404 3547 462 3597 quae
477 3534 540 3584 uuili
558 3536 607 3585 uiri
624 3537 752 3588 secerdoti
788 3535 865 3586 disse.
897 3537 964 3587 Nam
981 3550 997 3585 s
1014 3536 1100 3586 Iseum
1119 3535 1320 3592 lrseuudlsss.a

223 3605 262 3656 fes
271 3613 329 3656 erut
340 3606 474 3657 secedere·
787 3613 839 3662 Sus
851 3612 993 3671 libidinem,
1011 3625 1027 3658 a
1039 3610 1125 3674 Vulpe
1142 3610 1271 3671 sstutism,
1290 3615 1320 3659 et

254 3680 370 3730 dissolu
391 3681 505 3745 Pythias]
530 3682 681 3747 APytlruue
696 3700 751 3736 set·
789 3685 1171 3737 abellisslludmutustusest.
1197 3684 1319 3748 Priscipi]

224 3762 303 3821 penta
312 3754 385 3805 miras
396 3756 696 3820 magnitudinis,eterrsa
705 3774 751 3824 pu·
787 3761 878 3812 Primo
889 3759 986 3810 homini
995 3773 1027 3808 ex
1040 3758 1100 3808 limo
1111 3755 1255 3808 edomate.

224 3831 326 3881 taedius
337 3830 424 3880 atatim
436 3838 497 3893 post
507 3831 628 3882 diluvium
640 3843 709 3892 natu,
721 3851 751 3887 ac
821 3843 852 3888 is
871 3839 972 3887 cmm
978 3834 1132 3899 particulam]
1151 3835 1319 3885 Necessitate

223 3907 346 3958 htuusru
354 3907 409 3971 jam
418 3905 549 3970 gravidam
557 3909 670 3960 lunonis
677 3912 751 3974 jussu
788 3914 945 3976 compulsua,
965 3909 1035 3975 quud
1047 3910 1072 3957 iu
1084 3907 1175 3958 bestiis
1190 3908 1319 3972 fingendis

223 3980 493 4047 infestante,ideuque
511 3993 570 4047 pust
585 3986 618 4034 eb
630 3985 752 4049 Apolline
788 4005 876 4054 omues
894 3998 995 4039 uetare
1017 3985 1159 4036 facultates
1182 4000 1318 4048 cousump-

223 4055 307 4107 adhue
333 4059 431 4121 jrrreue
469 4058 572 4123 sagittis
604 4059 752 4124 interfecta,
788 4067 874 4116 sisset.
908 4061 1029 4126 Undique]
1059 4062 1098 4110 Er
1118 4060 1237 4111 omuibus
1252 4062 1318 4111 ‹sui-

223 4130 307 4179 Deum
336 4132 374 4181 sie
400 4134 573 4195 cognominari
604 4137 751 4190 voluerunt.
787 4140 905 4191 malibus.

224 4204 292 4257 Quin
305 4211 332 4253 ct
348 4205 402 4254 ludi
420 4207 445 4255 lu
465 4208 585 4259 lruuureur
601 4212 657 4275 rjus
677 4213 749 4263 iusti·
820 4222 849 4264 15
868 4216 901 4263 et
913 4211 1002 4274 inme]
1019 4211 1146 4261 Etrsbidl
1157 4210 1317 4262 ternistato-

224 4282 273 4333 tuli
292 4280 662 4344 hluc‘l’ytlria'rucsbsumr.
684 4288 747 4348 Tur·
788 4306 850 4342 rem.
884 4288 967 4339 iuraui
983 4287 1080 4350 mnis]
1113 4287 1173 4337 liae
1193 4300 1257 4350 ergo
1276 4292 1317 4335 est
