3017 4884
148 294 151 298 V
230 324 316 407 1368
582 338 689 388 noun
713 337 913 390 remonon
937 339 978 389 ιιι

228 481 307 531 incoli
325 479 476 543 eredebant,
493 486 521 530 nt
542 481 684 532 conuallem
703 495 757 532 sure
795 488 851 531 tere
868 481 1003 532 mullorum
1016 477 1188 532 veneficarum
1199 476 1324 528 erudelis·

229 557 299 606 villae
315 556 456 607 Horatinsr
474 557 520 606 sed
536 565 565 607 at
575 573 620 607 eos
637 557 713 608 modo
726 556 759 608 tl·
795 554 869 604 simu.

229 633 282 694 bie,
300 634 376 682 inodo
395 632 480 683 fistule
494 648 588 688 cauere
607 633 758 684 credebant.
826 635 858 680 2⁰
879 632 984 682 vernn
995 630 1092 693 Circen]
1109 629 1178 680 Sico
1189 629 1276 678 eolore
1287 629 1324 676 ui·

233 708 336 758 Terret.
358 723 420 759 vrrs.
443 713 483 759 15.
535 710 657 773 Utcunque
682 709 756 773 delei]
795 714 870 757 truens
881 707 933 757 diei
943 705 1207 767 crediderim‚eadem
1216 706 1326 765 ratione,

230 785 385 851 Ubicunque
401 803 417 837 o
432 788 547 853 Tyndari
565 788 622 837 istae
635 786 713 836 ualles
729 794 758 834 et
794 798 844 847 qna
868 792 978 834 eeteros
996 797 1098 848 quoque
1121 784 1190 832 Deos
1208 781 1321 832 marinos

229 862 299 911 levin
311 876 372 911 nasu
382 864 476 913 montis
486 864 585 913 Ustieae
601 874 757 926 personuere
795 859 836 907 rel
858 856 1001 909 ‘eaernlos’
1022 858 1064 906 rel
1082 857 1091 885 ⁴
1106 858 1229 921 glaucos’
1245 870 1322 905 roca·

170 1001 171 1005 Ἰ
231 937 301 987 dulci
323 936 409 988 fistula
429 939 510 988 fanni
534 939 575 988 rel
596 937 693 1000 Panos,
714 937 758 1000 qni
794 947 861 993 mus,
886 941 914 983 et
935 932 1050 983 ‘virides
1069 932 1210 983 Nereidum
1227 946 1326 982 comus·

231 1013 396 1077 propulsetur
413 1021 453 1062 est
472 1014 648 1077 ersjusounqna
666 1011 726 1061 meli
743 1026 758 1060 a
794 1023 839 1060 ιιι.
850 1009 901 1062 Od.
912 1014 954 1060 28.
979 1009 1080 1060 lbrneb.
1093 1023 1155 1059 vrrs.
1167 1014 1210 1059 15.
1246 1007 1327 1057 Vitre-

232 1089 465 1138 montabooretili.
795 1101 876 1150 eneae
900 1086 998 1150 Circen]
1032 1087 1125 1135 Circen
1148 1085 1280 1148 pnlclrram
1299 1091 1327 1131 et

266 1169 296 1214 11
317 1164 406 1213 ϋιιὶοω
430 1163 549 1226 Montis]
574 1163 666 1213 Ustica
685 1176 758 1211 mons
796 1162 1128 1225 pellucidaminstsrvitrl.

232 1245 276 1288 est
297 1239 322 1287 io
340 1238 441 1288 Sabinis
458 1240 552 1289 leuiter
572 1239 706 1289 declinam
728 1252 759 1286 ae
827 1242 858 1286 21
877 1237 1011 1286 Innocentis
1027 1235 1119 1297 moli]
1137 1235 1252 1298 Optime
1271 1233 1328 1298 qni·

233 1314 380 1375 depressus,
401 1314 483 1364 instar
501 1314 610 1364 bominis
632 1314 759 1366 cubantis.
796 1312 855 1361 dem
876 1320 943 1361 notre
967 1312 1053 1360 vinnm
1081 1310 1230 1374 pollicetur,
1249 1308 1326 1372 qnsle

232 1387 277 1436 Sic
287 1393 294 1415 ¹
304 1387 421 1450 supinum
431 1390 519 1452 Tybnr
528 1388 536 1411 '
546 1389 620 1438 dixit.
796 1388 924 1443 lesbium,
933 1389 974 1437 oui
986 1394 1047 1451 post
1058 1386 1149 1436 Cinium
1166 1397 1267 1435 summu
1276 1382 1329 1445 glo·

266 1465 298 1510 12
314 1462 400 1528 metr]
417 1465 484 1514 Sena
500 1464 623 1527 lenigata,
635 1465 761 1515 relattsi·
796 1463 853 1524 ria;
875 1464 920 1514 sed
943 1463 1012 1528 qnod
1033 1469 1178 1525 temperate
1200 1466 1327 1520 sumator,

233 1546 270 1589 ta.
302 1539 447 1590 Personoere
472 1542 545 1605 oreo]
568 1541 660 1591 Sonitu
688 1540 761 1591 inere
797 1552 830 1588 ne
848 1540 965 1590 Bacchus
987 1539 1101 1588 Martem
1119 1542 1252 1602 provocet.
1269 1535 1328 1583 Tor·

233 1615 370 1677 completa.
796 1620 859 1665 rent.

267 1694 298 1739 lt
315 1693 352 1740 Di
369 1706 406 1741 sne
421 1697 527 1753 iamiar,
544 1691 597 1756 dre]
611 1690 761 1753 Alrrononlo,
829 1695 861 1740 12
878 1691 1009 1740 nocent
1020 1687 1112 1751 ambro]
1130 1686 1233 1738 Attndtt
1250 1685 1282 1736 ad
1299 1686 1328 1735 il·

198 1760 201 1766 ’
234 1780 281 1814 eur
298 1766 365 1829 uprrd
385 1767 542 1816 Lucretilem
561 1768 586 1815 ei
604 1768 656 1816 sint
675 1768 762 1816 omniu
798 1767 841 1815 lod
863 1767 1046 1828 Anacreontis,
1064 1766 1126 1813 nnio
1151 1760 1260 1824 bosori,
1279 1762 1328 1811 lroe

235 1848 302 1895 tuta,
313 1841 345 1890 nb
357 1842 515 1904 innocentia,
527 1844 695 1909 Deorumqna
706 1842 760 1893 ord·
798 1848 849 1904 est,
863 1843 932 1890 ‘nuo
950 1843 1043 1905 spiritu
1059 1842 1201 1890 exhaurire
1221 1836 1330 1902 poculo!

187 1969 190 1978 ,
234 1923 274 1979 ιιι,
286 1927 313 1966 et
325 1919 456 1967 Musarum
468 1917 562 1969 studio.
575 1919 648 1981 cren.
799 1921 873 1983 Creo.
899 1920 991 1983 Duces]
1011 1918 1064 1968 Hie
1075 1916 1151 1966 bibes
1168 1916 1261 1980 poeula
1276 1913 1328 1964 rinl

269 1998 299 2041 lt
317 1995 391 2044 Mose
406 1996 473 2043 cordi
484 1994 532 2056 est]
549 1995 659 2043 Carmen
677 2008 762 2044 menos
800 1996 884 2045 Lesbii
896 1995 1049 2057 innocentis,
1060 1995 1086 2044 id
1097 2002 1149 2054 est,
1158 2008 1210 2043 non
1223 2006 1330 2042 oneran-

235 2067 324 2132 placet
335 2069 401 2119 Diis.
435 2069 645 2134 Hinstibioopio]
662 2071 762 2120 Euboe
799 2071 833 2119 tls
854 2077 933 2133 eaput
952 2077 1060 2133 propter
1079 2069 1245 2119 tenuitatem.
1279 2069 1330 2117 Ner

235 2157 293 2191 meo
313 2157 386 2207 agro,
407 2145 530 2207 opulenta
551 2146 617 2194 ruris
639 2145 762 2194 bonorum
801 2145 941 2208 benonim]
961 2145 1018 2194 Nee
1030 2159 1046 2194 ι
1058 2144 1157 2194 vlnoet
1176 2143 1275 2207 poculis
1294 2142 1327 2191 ed

235 2220 320 2282 eoplu,
343 2219 368 2268 id
390 2228 441 2280 est,
462 2219 568 2284 frugum
590 2227 667 2270 terren
689 2222 764 2285 copie
801 2221 870 2269 rixas
889 2228 917 2269 et
934 2233 1005 2269 erma
1024 2220 1152 2281 venietur,
1170 2218 1239 2283 qood
1260 2232 1330 2282 sepe

234 2297 407 2347 manabittibi
421 2297 577 2361 adplenum.
611 2297 765 2348 Rorislrono·
801 2298 930 2361 contingit
952 2298 1021 2347 inter
1038 2297 1153 2347 homines
1175 2296 1281 2346 bibaces
1303 2302 1331 2346 et

235 2388 283 2436 res,
295 2381 356 2422 sont
367 2374 419 2422 ruri
428 2374 572 2423 nascentia.
801 2371 927 2421 ebriosos.

268 2452 299 2497 15
317 2446 439 2510 Benigno]
456 2447 569 2497 Liberali
585 2454 612 2499 et
623 2449 694 2513 largo
709 2462 764 2498 eor·
833 2452 865 2496 23
884 2447 1017 2507 Confundet
1038 2445 1171 2510 Thyoneus]
1197 2447 1265 2496 Sunt
1286 2446 1331 2510 qui

236 2536 282 2570 nn.
314 2522 416 2570 Alludlt
433 2521 465 2570 ad
480 2522 565 2570 Cornu
586 2524 679 2585 copie,
695 2522 763 2586 qood
803 2521 899 2572 Bacebi
910 2521 958 2571 boo
975 2526 1116 2586 eugubinen
1128 2537 1144 2571 ιι
1154 2523 1260 2586 'llryone
1275 2524 1331 2585 ejus

236 2595 366 2645 Hercules
388 2610 445 2645 enm
467 2594 581 2646 Acheloo
603 2599 763 2660 inspeciem
801 2606 895 2657 nistre,
905 2611 964 2661 quae
975 2597 1076 2646 Semele
1085 2612 1187 2662 quoque
1197 2598 1267 2649 diota
1275 2596 1333 2646 soe·

237 2671 303 2719 tauri
316 2677 415 2721 mutato
424 2685 584 2734 congressus,
596 2672 620 2721 el
631 2670 762 2722 detraxit:
802 2673 846 2732 rit,
857 2672 997 2721 dedocent.
1023 2671 1076 2723 Alil
1089 2688 1104 2721 e
1115 2672 1161 2736 odo
1172 2672 1331 2736 elisseae-18,

236 2760 286 2809 qino
297 2745 456 2808 significatur
467 2747 578 2796 omnium
590 2762 674 2797 rerum
688 2748 763 2798 uber·
802 2750 842 2797 vel
858 2764 872 2797 a
889 2746 934 2796 eto
949 2747 980 2796 τὸ
990 2749 1067 2811 deo&
1088 2748 1163 2814 (θύειν
1173 2751 1242 2802 enlm
1260 2750 1330 2814 opud

237 2827 277 2869 tas
288 2830 315 2869 et
326 2823 411 2884 copie.
802 2824 907 2873 Grecos
918 2830 946 2872 et
955 2822 1103 2875 sacrificare
1112 2833 1141 2874 et
1152 2833 1276 2889 proruere
1290 2833 1330 2876 st·

269 2900 300 2944 17
317 2895 348 2943 ln
358 2898 454 2946 redacto
469 2896 541 2957 eollo]
558 2896 590 2945 ln
604 2896 669 2944 salle
680 2911 764 2946 seore-
802 2913 852 2962 que
869 2898 966 2962 impeto
981 2896 1044 2948 t'erri
1061 2900 1189 2962 signifieat
1199 2900 1222 2965 s)
1238 2913 1266 2952 at
1287 2902 1332 2952 bo·

237 2976 273 3025 te,
290 2984 347 3032 qnos
366 2967 492 3018 flexuosos
510 2969 589 3018 babet
608 2984 733 3027 recessus,
748 2986 765 3020 a
803 2988 859 3022 rum
876 2987 947 3030 anne,
959 2974 1000 3022 rel
1018 2973 1127 3024 Horatio
1144 2984 1260 3035 anctore,
1272 2992 1332 3041 pro·

237 3045 321 3093 uentis
342 3052 407 3095 tota.
444 3040 574 3103 Coniroloe]
593 3044 765 3096 escroton·
803 3050 913 3100 babillor
933 3054 1063 3101 sententia
1090 3063 1139 3102 est.
1172 3055 1213 3103 Ad
1236 3056 1332 3106 Bsoelri

237 3118 293 3168 dies
305 3120 463 3168 oenionlarea
474 3133 565 3167 nomen
575 3128 689 3170 sumunt.
802 3127 869 3175 enim
880 3129 1039 3190 cognomini,
1054 3129 1127 3192 huju,
1145 3130 1331 3193 propriam„

270 3198 301 3244 18
319 3193 387 3256 Teio]
408 3193 568 3243 Carminibus
586 3195 764 3260 Lyriois,qute
803 3204 947 3265 respexisse
969 3204 1078 3253 Poetam
1105 3205 1235 3257 existimo.
1267 3207 1331 3256 Tur.

236 3282 296 3324 sont
316 3274 388 3337 paria
409 3280 436 3321 et
454 3271 546 3321 similia
562 3271 679 3321 uersibus
696 3271 765 3323 Ana·
802 3277 883 3326 nebus
894 3278 970 3326 alites
987 3277 1059 3326 lllum
1077 3275 1165 3327 loonnr'
1177 3280 1332 3341 interprete*

238 3350 362 3412 creontis,
388 3348 461 3411 cujus
488 3346 574 3411 patria
595 3346 646 3397 fnit
673 3348 765 3398 civitas
803 3343 1080 3403 normannorum.
1099 3353 1208 3403 Terreni.
1228 3357 1333 3415 Centau·

139 3487 142 3492 Ι
212 3431 216 3438 “
236 3425 308 3475 Tela.
802 3425 853 3488 det]
863 3426 1332 3493 CommlseebitpreliaBreabns‚8e·

270 3503 303 3548 ld
318 3496 545 3560 Dioesloborontss]
562 3496 685 3547 Centsbis
697 3513 766 3549 arna·
802 3503 882 3552 meles
893 3502 970 3552 lilius.

237 3572 312 3622 toria.
344 3573 528 3622 Mnesteris
544 3573 602 3636 ano]
619 3573 684 3622 'l'sle
702 3575 765 3624 illud
834 3581 866 3625 25
878 3577 1005 3640 Suspecta]
1017 3577 1073 3626 Nec
1083 3581 1219 3642 tenente
1230 3595 1333 3644 suspee-

239 3647 346 3697 01128.
364 3648 438 3711 lrnjns
456 3648 500 3697 lib.
517 3651 524 3677 ⁸
540 3651 646 3701 Quanta
665 3648 765 3699 loborat
803 3658 830 3700 ta
840 3652 1014 3701 etobservsta
1025 3652 1094 3715 qood
1105 3654 1181 3702 alinnr
1190 3669 1269 3711 ames,
1281 3668 1333 3704 me·

238 3726 263 3774 io
281 3722 430 3787 Charybdi?
465 3724 499 3773 Et
517 3722 625 3773 fortusse
643 3738 674 3773 eo
690 3739 766 3788 argu·
803 3734 861 3775 toea
872 3741 944 3775 erim:
962 3726 1013 3775 fnit
1026 3728 1108 3789 Cyrus
1122 3727 1226 3778 Horotii
1238 3730 1332 3789 rirelis,

238 3807 326 3850 mento
353 3798 456 3861 scripsit
488 3798 585 3862 aliquid
617 3799 765 3854 Anacreon.
803 3802 845 3849 rel
862 3801 1021 3865 Tyndaridis
1037 3803 1146 3853 maritus
1167 3806 1208 3854 rel
1228 3805 1331 3854 amieos.

238 3877 306 3926 Nam
318 3873 461 3940 odysseam
473 3873 580 3924 Homeri
592 3873 766 3926 Anacreontis
804 3878 844 3925 Ns
858 3878 930 3939 esdr]
955 3878 997 3926 blo
1015 3878 1143 3927 scelerate
1157 3879 1205 3930 tibi
1221 3877 1333 3929 imbesil-

238 3956 314 4018 Lyre
336 3951 454 4004 arclnere
475 3952 609 4004 ridiculum
628 3953 670 4002 sit.
706 3955 766 4004 Tor·
803 3951 859 4002 liorl
872 3952 1020 4013 petulantes
1031 3967 1122 4002 menos
1134 3955 1240 4016 injiciat.

238 4035 300 4080 rent.
334 4030 364 4078 Iu
384 4028 443 4092 ano]
459 4029 559 4092 Ulyssis
579 4044 677 4079 amore:
695 4039 766 4080 ntra·
835 4032 868 4076 26
880 4028 1063 4077 incontinentes
1071 4029 1165 4090 injiciet
1175 4025 1317 4088 meld?

238 4117 289 4166 que
303 4103 370 4152 enlm
387 4105 508 4167 Ulyssem
524 4103 644 4155 sedenter
661 4107 766 4162 amavit,
803 4118 847 4152 nas
866 4102 1046 4152 incontinentis
1063 4111 1145 4162 voest,
1161 4103 1206 4166 qui
1226 4079 1315 4152 inem·

239 4192 345 4244 quarum
363 4179 445 4230 altera
461 4179 511 4230 tuit
529 4179 630 4246 Ulyssls
644 4194 719 4245 uxor,
730 4181 766 4232 sl·
803 4179 1117 4231 nentombubentberern.
1134 4179 1245 4230 ‘Manus
1266 4166 1312 4204 ⁸¹¹·
