3017 4884
250 369 336 436 1404
601 383 707 431 uoto
732 379 929 432 vuuiouuu
957 384 994 431 iu

250 522 365 571 moribus
381 529 409 571 et
428 522 488 571 ritae
506 535 612 584 genere,
627 524 721 573 Strabo
733 525 777 574 lib.
814 525 923 586 illinunt
935 539 1026 574 nomen
1044 524 1144 572 dedisse
1157 523 1282 582 traditum
1299 522 1335 572 id·

252 596 780 660 111.Dcvictoriacoeoaririncantubroa,
814 614 863 663 que
882 607 981 648 veteres
1001 598 1079 648 ctiam
1099 599 1194 646 nummi
1212 606 1337 647 attentan-

253 672 428 732 Aatorca,&c.
451 673 543 723 floron
562 687 602 725 tv.
616 678 656 724 lt.
689 677 777 725 Conto-
815 683 873 733 tur;
891 681 982 736 portca
993 687 1055 722 vero
1071 672 1203 721 Parthenii
1219 670 1338 720 herdre-

252 749 321 796 lrnm
337 748 469 811 induemur]
493 749 620 812 Populum
644 749 778 813 Hispaniae
814 764 889 799 moue
916 751 1023 799 incertir
1049 750 1164 809 patribua
1189 748 1249 807 orti,
1274 748 1339 795 doce

250 821 443 881 tenuissimum,
452 823 495 887 qui
507 823 617 872 nondum
626 823 718 873 didicit
727 825 778 874 Ro·
814 824 949 886 Phalanto,
961 824 1043 872 locunt
1055 828 1224 884 occuparunt,
1238 835 1269 870 ac
1280 833 1337 869 cum

252 913 328 949 mano
338 899 453 961 Imperio
463 897 576 947 obedire.
816 899 937 961 pleraque
954 899 1014 957 ulia,
1025 904 1079 945 turn
1093 896 1186 945 flumen
1198 896 1235 944 ibi
1252 909 1340 958 reper-

257 983 270 1008 ·
285 979 301 1023 o
318 976 441 1024 Borbarnr
451 974 546 1037 Syrtes]
561 974 652 1036 Syrtes
667 973 779 1036 inhospi·
816 980 868 1020 tum
889 974 979 1034 patriis
1001 972 1143 1021 nominibua
1168 971 1339 1033 appellarunt.

254 1050 329 1100 talea.
361 1049 428 1098 Vide
444 1062 464 1096 1.
477 1047 530 1097 Od.
544 1052 586 1099 lt.
620 1047 781 1109 Uttltaura]
814 1048 987 1097 VideJuetin.
999 1048 1043 1096 lib.
1055 1060 1097 1095 ιιι.
1116 1048 1225 1096 Torreat·

185 1145 191 1154 ·
253 1126 306 1175 Ubi
330 1125 399 1173 unda
421 1122 547 1172 Africana
570 1123 651 1171 veluti
675 1120 778 1172 fervenu
848 1124 1098 1187 intrimentorum]
1120 1122 1235 1184 Atridet,
1246 1124 1340 1185 placet.

255 1201 378 1250 exundat.
410 1196 781 1259 Mmrouuddcruquluadu·
818 1198 920 1247 Ubirron
930 1196 1058 1260 Hymetto]
1075 1197 1339 1246 Utinteruina‘Fa·

254 1275 331 1332 bilat,
346 1289 379 1323 an
396 1288 445 1321 nou
459 1272 595 1335 legendnm
607 1273 699 1330 Mulon,
711 1273 779 1335 quod
815 1272 905 1332 lerno,'
915 1274 953 1320 alc
963 1274 1030 1320 inter
1038 1274 1115 1321 mella
1125 1272 1247 1337 Hymetto,
1258 1273 1342 1336 palma

171 1367 177 1378 ·
254 1348 350 1398 flumen
361 1362 418 1397 eme
428 1348 494 1397 dicit
504 1350 637 1396 maximum
648 1348 785 1398 eborico:
816 1348 876 1396 olim
898 1348 1016 1397 dabatur.
1050 1347 1087 1398 At
1109 1351 1245 1398 Tarentina
1266 1350 1342 1398 mella

256 1433 284 1474 te
298 1423 331 1473 ad
344 1424 527 1473 Mauritaniam
541 1424 713 1488 Tingitanum,
724 1440 780 1488 quon
816 1439 872 1474 cum
884 1423 1033 1486 Hymettiis=
1042 1427 1198 1473 contendere
1215 1424 1270 1472 uult
1288 1424 1342 1473 Ho-

255 1498 353 1549 Africo
364 1506 406 1549 ent
417 1499 516 1547 ultima.
534 1497 640 1548 Ororiur
651 1512 671 1548 1.
682 1503 706 1550 2.
816 1500 907 1560 ratior,
927 1513 986 1547 cnut
1009 1501 1134 1549 decedendi
1155 1500 1235 1549 verbo
1253 1495 1349 1549 mitum

288 1581 303 1624 b
324 1575 397 1625 Tibur
407 1574 500 1636 Argeo]
517 1574 574 1623 Duo
585 1573 726 1624 fideliaaimi
738 1590 782 1624 co·
817 1574 901 1622 Neruo
916 1575 983 1622 anim
1002 1574 1124 1631 inferiori,
1142 1577 1273 1624 autetiam
1286 1576 1341 1638 pari

256 1650 438 1711 dieroArgr'oo.
473 1651 583 1699 Peritum
596 1649 686 1711 colono]
701 1651 782 1699 Tibur
818 1646 904 1696 devia
918 1648 997 1710 cedit,
1015 1649 1055 1697 vel
1074 1652 1242 1711 pretereunti
1259 1665 1342 1699 mour-

255 1726 388 1775 conditum
399 1741 414 1774 a
424 1725 537 1774 Tiburno
548 1726 639 1774 colono
652 1724 757 1787 Argivo.
819 1722 864 1783 git.
881 1723 932 1773 Qui
941 1724 1022 1772 bonor
1030 1737 1087 1773 cum
1096 1726 1234 1787 majoribus
1244 1734 1342 1775 tentum

289 1800 318 1863 [6
332 1800 638 1850 Schoenborn.2.itenrm
648 1798 766 1861 metm]
819 1798 956 1855 tribuatur,
981 1800 1040 1849 binc
1066 1805 1227 1864 μεταφορικοῖς
1248 1802 1343 1851 ‘dece-

289 1879 304 1923 7
316 1875 357 1924 Sil
367 1875 460 1937 modat]
474 1875 580 1924 Utinam
591 1873 672 1923 Tibur
682 1875 715 1923 ait
724 1873 783 1924 linia
819 1872 896 1921 dere'
918 1880 945 1922 et
969 1882 976 1901 ⁴
989 1878 1138 1940 araurgere'
1160 1878 1275 1933 dicimur,
1296 1881 1347 1940 pro'

256 1952 328 2013 mibi,
346 1952 562 2017 navigationibus,
589 1953 733 2014 itineribus,
754 1958 783 2001 et
819 1948 940 2010 imparem
950 1964 978 1998 ae
986 1949 1072 2000 interi.
1086 1953 1194 2002 Torreat.
1216 1954 1343 2017 Hymetto]

258 2026 351 2075 militia
361 2026 511 2089 defatignto.
819 2024 870 2072 Ubi
881 2025 956 2073 melta
967 2040 1016 2074 non
1026 2027 1190 2086 nautiorum,
1202 2030 1226 2076 id
1239 2036 1289 2084 eat,
1301 2029 1344 2076 ubi

290 2106 306 2149 9
326 2102 539 2166 Unde,rr'Porcae]
557 2102 643 2165 Aquo
654 2101 751 2151 Tibure
761 2103 782 2150 ai
819 2101 896 2149 mella
913 2115 961 2151 non
978 2108 1039 2150 nunt
1055 2104 1184 2153 deteriora
1201 2104 1276 2152 melle
1287 2119 1343 2151 utru-

258 2177 358 2235 Parca,
375 2176 400 2224 id
420 2184 469 2235 eat,
487 2186 539 2225 tren
555 2192 654 2226 nororca
674 2177 782 2226 lanllicae
819 2175 932 2236 visrimo,
945 2176 1011 2237 quud
1023 2178 1146 2240 colligunt
1162 2194 1223 2240 aper
1239 2181 1265 2226 ln
1290 2178 1343 2240 fly-

258 2248 359 2313 (Ercbi,
380 2257 407 2299 et
429 2250 521 2299 Noctis
540 2249 613 2314 filio)
634 2265 675 2300 rne
697 2252 789 2313 probi·
819 2257 901 2299 metto
913 2250 1010 2299 Attico
1022 2255 1343 2317 moute,tl1yrno,nliiaque

258 2324 331 2374 beut.
819 2326 905 2374 berbin
917 2326 1051 2376 odoriferis
1064 2329 1221 2377 abundante.
1254 2328 1344 2391 [Sebo-

293 2404 324 2448 ll)
341 2400 435 2450 Pellilir
446 2399 539 2462 onibar]
565 2403 608 2450 De
626 2399 716 2449 ovibuo
736 2401 784 2449 Te·
820 2401 962 2451 enbnrn.2.
984 2402 1119 2466 Hymetto]

260 2476 374 2535 taminia,
396 2490 457 2539 qum
478 2485 505 2525 et
524 2477 630 2525 Grecos
650 2476 785 2537 vocabant,
852 2476 895 2539 [to
912 2476 985 2525 idem
1003 2479 1093 2536 codex,
1111 2480 1185 2527 Mello
1201 2478 1343 2540 dimano]

260 2550 390 2613 loquitur3
409 2566 465 2612 quun
480 2551 511 2598 ad
529 2550 785 2600 birtarumdifferen·
855 2555 885 2599 lo
902 2552 981 2600 Bucco
1011 2552 1123 2614 Venafro]
1148 2554 1181 2602 Et
1207 2553 1345 2601 ubiolira

261 2624 322 2672 tiam
334 2627 341 2651 ‘
354 2625 447 2673 teetae’
464 2625 540 2674 etiam
553 2636 580 2674 et
595 2626 729 2690 ‘pellite'
746 2627 784 2675 dl·
823 2635 929 2690 propter
939 2628 1077 2677 bonitatem
1086 2629 1221 2677 contendit
1230 2643 1287 2676 curn
1298 2629 1344 2677 oli·

260 2701 402 2761 elebantur,
419 2703 487 2765 quod
501 2703 608 2766 pellibus
619 2703 730 2766 desuper
742 2704 786 2752 atl-
823 2715 863 2757 ve,
875 2715 932 2763 qun
945 2702 1028 2750 oritur
1040 2703 1066 2750 iu
1078 2703 1201 2763 Venafro,
1209 2704 1305 2766 oppido
1318 2704 1345 2751 in
1425 2715 1428 2720 ·

261 2791 350 2827 vernon
361 2777 426 2827 ebria
442 2779 557 2841 injuriam
573 2779 736 2840 tegebantur,
748 2780 786 2828 uti
824 2777 971 2840 Campanloe
986 2779 1074 2827 littore
1086 2780 1151 2827 sito:
1169 2781 1209 2827 rel
1224 2793 1271 2841 pro
1283 2793 1345 2841 egro

261 2853 364 2902 euteria
373 2854 511 2902 molliorer.
528 2854 611 2902 Varro
621 2867 662 2903 ιι.
671 2855 746 2903 llll.
755 2856 786 2905 R.
824 2854 848 2901 el
858 2853 954 2916 oppido
965 2854 1062 2903 vicino:
1075 2855 1208 2917 oleumque
1219 2853 1345 2903 Venafra-
1396 2896 1406 2905 .

262 2928 361 2977 Colum.
369 2941 420 2977 vn.
428 2932 453 2977 l.
466 2929 560 2977 Errant
569 2930 656 2992 itaque
665 2930 707 2993 qul
715 2933 723 2958 ‘
732 2921 802 2992 pot·'
824 2943 882 2978 unm
892 2930 1053 2980 commendat
1066 2944 1096 2979 u.
1108 2933 1161 2980 Sat.
1173 2934 1197 2979 2.
1208 2938 1235 2979 et
1246 2936 1270 2980 8.
1302 2932 1344 2979 De

260 3000 329 3050 latia’
338 3002 388 3063 legi
396 3002 490 3051 debere
499 3004 668 3054 contendunt.
679 3006 787 3055 Torrert.
824 3016 876 3066 quo
886 3003 965 3051 etiam
976 3004 1045 3053 Plio.
1057 3018 1103 3053 xv.
1113 3009 1138 3052 2.
1148 3004 1215 3053 uude
1230 3013 1257 3054 et
1274 3006 1344 3054 Mur·

261 3076 357 3127 Pellitir
365 3078 457 3140 ombus]
481 3076 564 3126 Adibo
576 3078 699 3129 Galeaum
715 3080 788 3129 Cala·
824 3077 892 3125 uati·
903 3077 1030 3127 distichon
1043 3078 1105 3127 illud
1117 3080 1162 3128 lib.
1174 3092 1239 3129 xm.
1251 3080 1346 3128 intelli·

261 3151 786 3217 briafluriunjmratueutumnbiovea
823 3151 910 3212 gitur:
935 3151 1013 3201 ‘Hoc
1033 3154 1081 3201 tibi
1101 3154 1224 3216 Campani
1244 3154 1347 3204 ruderit

262 3231 319 3280 aliia
337 3231 448 3295 pellibus
470 3237 640 3295 preterquam
659 3231 711 3280 aula
726 3237 787 3280 aunt
822 3226 902 3276 bicen
918 3226 1042 3277 Venafri:
1060 3230 1235 3293 Unguentum,
1246 3230 1356 3294 quotiea-

262 3317 394 3371 coopertto
413 3315 518 3371 propter
535 3308 704 3356 excellentem
721 3308 786 3356 lente
822 3301 910 3364 sumis,
921 3309 950 3351 et
960 3302 1028 3351 iatud
1039 3303 1108 3352 olet.'
1242 3297 1248 3306 '

263 3386 415 3446 bonitatem,
434 3399 466 3432 ne
485 3384 636 3433 convellere
655 3384 786 3448 inquinen·
856 3380 887 3424 1⁸
912 3376 1035 3441 duppiler]
1063 3379 1125 3428 Αέῐ.
1158 3381 1236 3430 Aulon
1259 3381 1347 3430 Fertili

263 3467 307 3509 tur
316 3461 348 3508 ad
366 3460 486 3508 tincturoe
498 3467 685 3509 nocumentum.
823 3454 929 3516 Boccho]
960 3455 1003 3504 Sic
1034 3456 1156 3519 pleraque
1183 3458 1348 3520 exemplaria.

296 3538 323 3582 ll
347 3535 487 3594 Etregaoto
494 3534 584 3597 mlum]
602 3535 637 3583 Et
648 3533 724 3582 adibo
734 3533 786 3582 'l'e-
824 3529 950 3580 cloteno
958 3537 1043 3579 tamen
1052 3538 1080 3579 et
1087 3531 1247 3581 Peraemtiut
1258 3535 1348 3582 existi-

264 3613 375 3660 reuturn,
393 3607 419 3654 ln
439 3620 489 3667 quo
513 3608 630 3669 regnauit
650 3608 788 3657 Pbalantua
824 3604 1036 3667 mutugennam
1048 3619 1105 3655 eoae
1117 3606 1224 3657 Fertilis.
1242 3609 1348 3671 Egone·

263 3679 483 3739 lacedemonios,
506 3694 557 3743 quo
584 3680 650 3730 duce
673 3682 787 3732 Lacouer
825 3679 1347 3736 teremlectlonemnervo,ntAulonBac·

264 3756 391 3821 Apollinis
401 3756 503 3805 oraculo
518 3755 655 3804 Tarentum
666 3755 788 3807 condidc·
825 3753 873 3801 cbo
884 3751 961 3802 fertili
972 3755 1061 3804 anim
1073 3756 1104 3806 ab
1115 3758 1227 3808 Horatio
1238 3760 1347 3815 dicatur.

264 3839 333 3882 rnut.
366 3831 562 3892 manutentor·
573 3828 674 3892 Locum]
692 3831 788 3879 'leren-
825 3828 1037 3890 quemadmodum
1056 3831 1245 3883 ‘Bacchicam
1261 3835 1348 3885 Faler-

265 3916 320 3957 tum
331 3905 404 3962 dicit,
415 3918 472 3969 qnae
484 3904 544 3952 urbe
557 3903 607 3953 tuit
617 3918 718 3968 magne
728 3907 789 3956 olim
826 3914 873 3949 uua
892 3903 967 3965 ager’
978 3904 1111 3956 al'lbullo.
1144 3908 1283 3958 Portunum
1299 3913 1349 3961 eti·

265 3983 375 4032 Graecina
386 3979 536 4040 clariuimu,
546 3979 595 4028 olto
605 3979 629 4028 iu
638 3982 787 4042 peninsula:
825 3989 865 4023 tm
876 3978 914 4025 tic
929 3977 1107 4042 interpretari,
1120 3988 1148 4029 ut
1159 3982 1244 4032 Fertilr'
1254 3985 1348 4034 Boerla

265 4059 333 4107 unde
349 4063 378 4106 ot
393 4058 401 4085 ‘
414 4054 547 4118 angulum'
558 4055 673 4118 appellat
690 4055 787 4105 Polite:
825 4052 892 4100 renti
904 4065 978 4100 carna
988 4053 1022 4101 ait
1038 4068 1084 4115 per
1101 4055 1287 4120 Matouyrniatn
1300 4075 1348 4123 pro

266 4139 294 4180 et
315 4132 438 4194 originem
460 4130 564 4194 quidem
585 4145 600 4178 a
621 4129 788 4179 Cretemibua
826 4128 890 4187 rite,
907 4127 980 4190 cujus
996 4125 1132 4180 feracitate
1149 4131 1233 4181 Aulon
1251 4136 1348 4184 amicus

265 4207 364 4269 hebuit,
372 4220 478 4271 quorum
493 4206 554 4255 Dux
572 4206 660 4270 Toron,
671 4207 788 4270 Neptuni
825 4202 983 4260 sitoontnia,
995 4217 1086 4268 nempe
1097 4205 1130 4255 ob
1140 4208 1273 4258 commoda
1287 4225 1346 4274 quae
